<?xml version="1.0" encoding="UTF-8"?><collection xmlns="http://www.loc.gov/MARC21/slim"><record><leader>00453nam--2200169-i-4500</leader><controlfield tag="001">000023393</controlfield><controlfield tag="002">20161230</controlfield><controlfield tag="005">20170119103804</controlfield><controlfield tag="008">060222s1000------------r-----000-0-eng-d</controlfield><datafield ind1=" " ind2=" " tag="040"><subfield code="a">IFIN-HH</subfield></datafield><datafield ind1=" " ind2=" " tag="080"><subfield code="a">530.145.6(075.8)</subfield></datafield><datafield ind1="1" ind2=" " tag="100"><subfield code="a">Jauch, J.M</subfield></datafield><datafield ind1="1" ind2="0" tag="245"><subfield code="a">Are Quanta Real? A Galilean Dialogue</subfield><subfield code="c">J.M. Jauch</subfield></datafield><datafield ind1=" " ind2=" " tag="260"><subfield code="a">Bloomington</subfield><subfield code="b">Indiana University Press</subfield><subfield code="c">1973</subfield></datafield><datafield ind1=" " ind2=" " tag="300"><subfield code="a">xii + 106p</subfield></datafield><datafield ind1=" " ind2=" " tag="852"><subfield code="a">41261</subfield><subfield code="c">530.14</subfield></datafield><datafield ind1=" " ind2=" " tag="CAT"><subfield code="a">SYS</subfield><subfield code="c">20170119</subfield><subfield code="h">103804</subfield></datafield></record></collection>